@Article{Glasser2013,
   Author="Glasser, M. F.",
   Title="{The minimal preprocessing pipelines for the {H}uman {C}onnectome {P}roject.}",
   Journal="Neuroimage",
   Year="2013",
   Volume="80",
   Pages="683--691",
   Month="Nov"
}

@Article{Gorgolewski2011,
   Author="Gorgolewski, K.  and Burns, C. D.  and Madison, C.  and Clark, D.  and Halchenko, Y. O.  and Waskom, M. L.  and Ghosh, S. S. ",
   Title="{{N}ipype: a flexible, lightweight and extensible neuroimaging data processing framework in python}",
   Journal="Front Neuroinform",
   Year="2011",
   Volume="5",
   Pages="13"
}
